@inproceedings{gomes2013app,
	title={App inventor for android: Uma nova possibilidade para o ensino de l{\'o}gica de programa{\c{c}}ao},
	author={Gomes, Tancicleide CS and de Melo, Jeane CB},
	booktitle={Anais dos Workshops do Congresso Brasileiro de Inform{\'a}tica na Educa{\c{c}}{\~a}o},
	volume={2},
	number={1},
	year={2013}
}
@article{pott2009vegetaccao,
	title={Vegeta{\c{c}}{\~a}o do Pantanal: fitogeografia e din{\^a}mica},
	author={Pott, Arnildo and Pott, Vali Joana},
	journal={Simp{\'o}sio de Geotecnologias no Pantanal},
	volume={2},
	pages={1065--1076},
	year={2009}
}
@article{da2014paradigmas,
	title={Os paradigmas de desenvolvimento de aplicativos para aparelhos celulares},
	author={da Silva, Marcelo Moro and Santos, Marilde Terezinha Prado},
	journal={Revista TIS},
	volume={3},
	number={2},
	year={2014}
}
@book{eisenman2015learning,
	title={Learning react native: building native mobile apps with javascript},
	author={Eisenman, Bonnie},
	year={2015},
	publisher={" O'Reilly Media, Inc."}
}
@misc{hansson2016effects,
	title={Effects on performance and usability for cross-platform application development using React Native},
	author={Hansson, Niclas and Vidhall, Tomas},
	year={2016}
}
@article{emdesafios,
	title={Os desafios para a mobiliza{\c{c}}{\~a}o de aplica{\c{c}}{\~o}es baseadas em plataforma Web},
	author={em Billing, Diretoria de Solu{\c{c}}{\~o}es},
	year={2013?}
}
@article{toledo2016desenvolvimento,
	title={Desenvolvimento em Smartphones-Aplicativos Nativos e Web},
	author={Toledo, Jan Miszura and De Deus, Gilcimar Divino},
	journal={7{\textordfeminine} Mostra de Produ{\c{c}}{\~a}o Cient{\'\i}fica da Lato Sensu. PUC Goi{\'a}s. Goi{\^a}nia-- GO. Dispon{\'\i}vel em:< http://www. cpgls. ucg. br/7mostra/artigos/agrarias. pdf>. Acesso em 19 abr, 2019},
	volume={5},
	year={2016}
}
@book{torres2018biblia,
	title={A b{\'\i}blia do marketing digital: tudo o que voc{\^e} queria saber sobre marketing e publicidade na internet e n{\~a}o tinha a quem perguntar},
	author={Torres, Claudio},
	year={2018},
	publisher={Novatec Editora}
}
@article{garbin2014sistema,
	title={Sistema de recomenda{\c{c}}{\~a}o mobile: um estudo de caso para delivery},
	author={Garbin, Marcelo},
	year={2014},
	publisher={Universidade Federal de Santa Maria}
}
@article{eco,
	title={O que {\'e} o Bioma Pantanal?},
	author={((O))eco},
	publisher={Dicion{\'a}rio Ambiental},
	year={2014}
}
@book{ab2006brasil,
	title={Brasil, paisagens de exce{\c{c}}{\~a}o: o litoral e o Pantanal Mato-grossense, patrim{\^o}nios b{\'a}sicos},
	author={Ab'S{\'a}ber, Aziz Nacib},
	volume={2},
	year={2006},
	publisher={Ateli{\^e} Editorial}
}
@book{velloso2014informatica,
	title={Inform{\'a}tica: conceitos b{\'a}sicos},
	author={Velloso, Fernando},
	volume={9},
	year={2014},
	publisher={Elsevier Brasil}
}
@article{coutinho2006conceito,
	title={O conceito de bioma},
	author={Coutinho, Leopoldo Magno},
	journal={Acta botanica bras{\'\i}lica},
	volume={20},
	number={1},
	pages={13--23},
	year={2006},
	publisher={SciELO Brasil}
}
@article{tavares2016introduccao,
	title={Introdu{\c{c}}{\~a}o a Desenvolvimento de Aplica{\c{c}}{\~o}es H{\'\i}bridas},
	author={Tavares, Henrique Leal},
	journal={Revista Eletr{\^o}nica eF@ tec},
	volume={6},
	number={1},
	pages={11--11},
	year={2016}
}
@article{vilete2018frameworks,
	title={Frameworks para o desenvolvimento de aplica{\c{c}}{\~o}es mobile multiplataforma},
	author={Vilete, Aline de Souza and Lopes, Thais Moreira},
	year={2018},
	publisher={Luiz Gustavo Louren{\c{c}}o Moura}
}
@article{souza2006origem,
	title={Origem e evolu{\c{c}}{\~a}o do Pantanal Mato-grossense},
	author={Souza, CA and Lani, JL and Sousa, JB},
	journal={VI Simp{\'o}sio nacional de geomorfologia/regionalconferenceongeomorpholoy. Geomorfologia tropical e subtropical: processos, m{\'e}todos e t{\'e}cnicas/Tropical and subtropical geomorpholog: processesmethodsandtechniques. Goi{\^a}nia},
	volume={6},
	pages={6--10},
	year={2006}
}
@book{sawaya2002dicionario,
	title={Dicion{\'a}rio de inform{\'a}tica \& Internet},
	author={Sawaya, M{\'a}rcia Regina},
	year={2002},
	publisher={NBL Editora}
}
@book{gabardo2017laravel,
	title={Laravel para ninjas},
	author={Gabardo, Ademir C},
	year={2017},
	publisher={Novatec Editora}
}
@article{pelizza2018estudo,
	title={Um estudo sobre t{\'e}cnicas de teste de software no Framework Laravel},
	author={Pelizza, Angelica Caetane and Bertolini, Cristiano and Silveira, Sidnei Renato},
	journal={Revista Eletr{\^o}nica de Sistemas de Informa{\c{c}}{\~a}o e de Gest{\~a}o Tecnol{\'o}gica},
	volume={9},
	number={3},
	year={2018}
}
@book{flanagan2004javascript,
	title={JavaScript: O guia definitivo},
	author={Flanagan, David},
	year={2004},
	publisher={Bookman Editora}
}
@book{gilmore2011php,
	title={Dominando PHP e MySQL},
	author={Gilmore, W. Jason},
	year={2011},
	publisher={Alta Books Editora}
}
@article{leite2017comparativo,
	title={COMPARATIVO ENTRE SISTEMAS OPERACIONAIS M{\'O}VEIS--ANDROID X IOS},
	author={Leite, Alexandre Canosa and Macedo, Helena},
	year={2017}
}
@misc{portal,
	title={Dados Gerais do Pantanal},
	url={http://www.portalpantanal.com.br/dadosgerais.html},
	organization={Portal do Pantanal},
	urlaccessdate={17 abr. 2019}
	year={20??}
}
@misc{vscode,
	title ={Getting Started},
	url={https://code.visualstudio.com/docs},
	organization={Visual Studio Code},
	urlaccessdate={10 mai. 2019}
	year={20??}
}
@article{de2010pantanal,
	title={Pantanal mato-grossense: origem, evolu{\c{c}}{\~a}o e as caracter{\'\i}sticas atuais},
	author={de Souza, C{\'e}lia Alves and de Souza, Juberto Babil{\^o}nia},
	journal={Revista Eletr{\^o}nica AGB-TL},
	number={11},
	pages={34--54},
	year={2010}
}
@misc{composer,
	title ={Getting Started},
	url={https://getcomposer.org/doc/00-intro.md},
	organization={Composer},
	urlaccessdate={16 mai. 2019}
	year={20??}
}
@book{ruellan1952escudo,
	title={O escudo brasileiro e os dobramentos de fundo},
	author={Ruellan, Francis},
	year={1952},
	publisher={impr. servi{\c{c}}o grafico}
}
@article{salis2006distribuiccao,
	title={Distribui{\c{c}}{\~a}o e abund{\^a}ncia de esp{\'e}cies arb{\'o}reas em cerrad{\~o}es no Pantanal, Estado do Mato Grosso do Sul, Brasil},
	author={Salis, Suzana Maria and Assis, Marco Antonio and Crispim, Sandra Mara Ara{\'u}jo and Casagrande, Jos{\'e} Carlos},
	journal={Brazilian Journal of Botany},
	pages={339--352},
	year={2006},
	publisher={Sociedade Bot{\^a}nica de S{\~a}o Paulo}
}
@misc{IBGE,
	title ={Mapa de Biomas e de Vegetação},
	url={https://ww2.ibge.gov.br/home/presidencia/noticias/21052004biomashtml.shtm},
	organization={IBGE},
	urlaccessdate={28 abr. 2019}
	year={2004}
}